<?xml version="1.0" encoding="UTF-8"?><collection xmlns="http://www.loc.gov/MARC21/slim"><record><leader>00427nam--2200169-u-4500</leader><controlfield tag="001">000051823</controlfield><controlfield tag="002">20161230</controlfield><controlfield tag="005">20170108235317</controlfield><controlfield tag="008">081030s1000------------r-----000-0-eng-d</controlfield><datafield ind1=" " ind2=" " tag="040"><subfield code="a">IFIN-HH</subfield></datafield><datafield ind1=" " ind2=" " tag="080"><subfield code="a">517.95</subfield></datafield><datafield ind1="1" ind2=" " tag="100"><subfield code="a">Berezanskii,Yu.M.(red.)</subfield></datafield><datafield ind1="1" ind2="0" tag="245"><subfield code="a">Spektralnaya Teoriya Operatorov i Beskonechnomernyi Analiz</subfield></datafield><datafield ind1=" " ind2=" " tag="260"><subfield code="a">Kiev</subfield><subfield code="c">1976</subfield></datafield><datafield ind1=" " ind2=" " tag="300"><subfield code="a">148 p</subfield></datafield><datafield ind1=" " ind2=" " tag="852"><subfield code="a">45652</subfield><subfield code="c">517.9</subfield></datafield><datafield ind1=" " ind2=" " tag="CAT"><subfield code="a">SYS</subfield><subfield code="c">20170108</subfield><subfield code="h">235317</subfield></datafield></record></collection>